
@glossdef{gepl,word="gEPL",definition={Grupo de Especificação e Processamento de Linguagens}}
@glossdef{ide,word="IDE",definition={Integrated Development Environment}}
@glossdef{lisa,word="LISA",definition={Language Implementation System Based on Attribute Grammars}}
@glossdef{liss,word="LISS",definition={Language of Integers, Sequences and Sets}}
@glossdef{lissa,word="LISSa", definition={LISS animator}}
@glossdef{lissl,word="LISSl", definition={LISS library}}
@glossdef{lissc,word="LISSc",definition={LISS compiler}}
@glossdef{lisse,word="LISSe",definition={LISS editor}}
@glossdef{lissp,word="LISSp",definition={LISS project}}
@glossdef{lmcc,word="LMCC",definition={Licenciatura em Matemática e Ciências de Computação}}
@glossdef{lcc,word="LCC",definition={Licenciatura em Ciências de Computação}}
@glossdef{pcvia,word="PCVIA",definition={Program Comprehension by Visual Inspection and Animation}}
@glossdef{miecom,word="MIECOM",definition={Mestrado Integrado em Engenharia de Comunicações}}
@glossdef{vm,word="VM",definition={Virtual Machine}}
@glossdef{ast,word="AST",definition={Abstract Syntax Tree}}
@glossdef{bnf,word="BNF",definition={Backus-Naur Form}}
@glossdef{lr,word="LR",definition={Left-to-right parse, Rightmost derivation}}
@glossdef{slr,word="SLR",definition={Simple Left-to-right parse, Rightmost derivation}}
@glossdef{lalr,word="LALR",definition={\textbf{L}ook\textbf{A}head, \textbf{L}eft-to-right parse, \textbf{R}ightmost
derivation}}
@glossdef{jvm,word="JVM",definition={Java Virtual Machine}}
@glossdef{jml,word="JML",definition={Java Modelling Language}}
@glossdef{pcc,word="PCC",definition={Proof Carrying Code}}
@glossdef{smt,word="SMT",definition={Satisfiable Module Theory}}
@glossdef{bml,word="BML",definition={Bytecode Modelling Language}}
@glossdef{po,word="PO",definition={Proof Obligations}}
@glossdef{vcg,word="VCGen",definition={Verification Condition Generator}}
@glossdef{cfg,word="CFG",definition={Control Flow Graph}}
@glossdef{pdg,word="PDG",definition={Program Dependence Graph}}
@glossdef{sdg,word="SDG",definition={System Dependence Graph}}
@glossdef{ddg,word="DDG",definition={Dynamic Dependence Graph}}
@glossdef{vdg,word="VDG",definition={Value Dependence Graph}}
@glossdef{mdg,word="MDG",definition={Module Dependence Graph}}
@glossdef{dll,word="DLL",definition={Dynamic Link library}}
@glossdef{ir,word="IR",definition={Intermediate Representation}}
@glossdef{tfg,word="TFG",definition={Trace Flow Graph}}
@glossdef{ssa,word="SSA",definition={Single Static Assignment}}
@glossdef{asp,word="ASP",definition={Active Server Pages}}
@glossdef{html,word="HTML",definition={HyperText Markup Language}}
@glossdef{api,word="API",definition={Application Programming Interface}}
@glossdef{clr,word="CLR",definition={Common Language Runtime}}
@glossdef{fsa,word="FSA",definition={Finite State Automata}}
