% Seminar on Network Security, BiBTeX template 
% Example entries 
@book{McCarty05 ,
  author    = {McCarty, Bill.},
  title     = {Selinux : NSA's open source security enhanced Linux},
  isbn      = {0-596-00716-7},
  address   = {Boston, MA, USA},
  publisher = {O'Reilly Media, Inc.},
  year      = {2005.},
  annote    = {Keywords: Computer networks - security measures},
  bibdate   = {20081215122448}
}

@book{DW05,
  author    = {Matthias Kalle Dalheimer and Matt Welsh},
  title     = {{Running Linux}},
  address   = {Boston, MA, USA},
  publisher = {O'Reilly Media, Inc.},
  edition   = {$5^{th}$},
  year      = {2005},
  isbn      = "0596007604"
  url       = {http://proquest.safaribooksonline.com/0596007604},
  bibdate   = {20081215123054}
}

@book{MMC06,
  author    = {Frank Mayer and Karl Macmillan and David Caplan},
  title     = {{SELinux by example : Using Security Enhanced Linux}},
  isbn      = {0-13-196369-4},
  address   = {Upper Saddle River, NJ, USA},
  publisher = {Prentice-Hall Inc},
  year      = {2006},
  isbn      = "0131963694"
  url       = {http://www.loc.gov/catdir/toc/ecip0612/2006012657.html},
  bibdate   = {20081215124027}
}

@InProceedings{SS75,
  author = {Jerome H. Saltzer and Michael D. Schroeder},
  title = {{The protection of information in computer systems}},
  booktitle = {Proceedings of the IEEE},
  pages = {1278-1308},
  volume = {63},
  number = {9},
  issn = {0018-9219},
  month = {September},
  year = {1975}
}

@InProceedings{LSMTTF98,
  author = {Peter A. Loscocco and Stephen D. Smalley and Patrick A. Muckelbauer
            and Ruth C. Taylor and S. Jeff Turner and John F. Farrell},
  title = {{The Inevitability of Failure: The Flawed Assumption of Security in Modern Computing Environments}},
  booktitle = {Proceedings of the $21^{st}$ National Information Systems Security Conference},
  pages = {303-314},
  year = {1998},
  month = {October}
}

@InProceedings{SSLHAL99,
  author = {Ray Spencer and Stephen Smalley and Peter Loscocco and
            and Mike Hibler and Dave Andersen and Jay Lepreau},
  title = {{The Flask Security Architecture: System Support for Diverse Security Policies}},
  booktitle = {Proceedings of the $8^{th}$ USENIX Security Symposium},
  pages = {123-139},
  year = {1999},
  month = {August}
}

@InProceedings{LS01,
  author = {Peter Loscocco and Stephen Smalley},
  title = {{Meeting Critical Security Objectives with Security-Enhanced Linux}},
  booktitle = {Proceedings of the 2001 Ottawa Linux Symposium},
  year = {2001},
  month = {July}
}

@InProceedings{LS01-2,
  author = {Peter Loscocco and Stephen Smalley},
  title = {{Integrating Flexible Support for Security Policies into the Linux Operating System}},
  booktitle = {Proceedings of the FREENIX Track: 2001 USENIX Annual Technical Conference (FREENIX '01)},
  year = {2001},
  month = {June}
}

@InProceedings{WCSMK02,
  author = {Chris Wright and Crispin Cowan and James Morris and Stephen Smalley and Greg Kroah-Hartman},
  title = {{Linux Security Modules: General Security Support for the Linux Kernel}},
  booktitle = {Proceedings of the $11^{th}$ USENIX Security Symposium},
  year = {2002},
  month = {August}
}
@InProceedings{PMM2006,
  author = {Christopher J. PeBenito, Frank Mayer, Karl MacMillan},
  title = {{Reference Policy for Security Enhanced Linux}},
  booktitle = {Proceedings of the 2006 Security Enhanced Linux Symposium},
  year = {2006},
  month = {March}
}

@InProceedings{MLCJ09,
  author = {Ziqing Mao and Ninghui Li and Hong Chen and Xuxian Jiang},
  title = {{Trojan horse resistant discretionary access control}},
  booktitle = {Proceedings of the 15th Symposium on Access Control Models and Technologies (SACMAT)},
  year = {2009}
}

@Techreport{BL75,
  author = {David E. Bell and Leonard J. LaPadula},
  title = {{Secure Computer System Unified Exposition and Multics Interpretation}},
  institution = {{MITRE} Corp.},
  year = {1975},
  number = {MTR-2997},
  address = {Bedford, MA},
  month = {July},
  annote = {Bell La Padula Model: Multics},
} 

@TechReport{PCCIP97,
  author = {{President's Commission On Critical Infrastructure Protection}},
  title = {Research and Development Recommendations for Protecting and Assuring Critical National Infrastructures},
  year = {1997},
  month = {September},
  url = {http://www.dtic.mil/cgi-bin/GetTRDoc?AD=ADA391667&Location=U2&doc=GetTRDoc.pdf}
}

@Article{HHD02,
  author = {Allen Householder and Kevin Houle and Chad Dougherty},
  title = {{Computer Attack Trends Challenge Internet Security (Supplement to Computer Magazine)}},
  journal ={Computer},
  volume = {35},
  number = {4},
  issn = {0018-9162},
  year = {2002},
  pages = {5-7},
  doi = {http://doi.ieeecomputersociety.org/10.1109/MC.2002.10028},
  publisher = {IEEE Computer Society},
  address = {Los Alamitos, CA, USA},
}

@Manual{NSCC87,
  author = {{National Computer Security Center}},
  title = {{Discretionary Access Control in Trusted Systems}},
  year = {1987},
  month = {September},
  note = {NCSC-TG-003},
  address ={Fort George G. Meade, MD, USA}
}

@Misc{SELinux,
  author = {the U.S. National Security Agency},
  title = {{Security Enhanced Linux}},
  note = {\\ 
available at: <\url{http://www.nsa.gov/research/selinux/}>}
}

@Misc{SELinuxRefPol,
  author = {{Tresys Technology}},
  title = {{SELinux Reference Policy}},
  note = {\\ 
available at: <\url{http://oss.tresys.com/projects/refpolicy/}>}
}