@MISC{AngryBirds,
  author = {Slashdot},
  title = {Rovio Denies Knowledge of NSA Access, Angry Birds Website Defaced Anyway},
  year = {2014},
  note = {\url{http://it.slashdot.org/story/14/01/29/1712201/rovio-denies-knowledge-of-nsa-access-angry-birds-website-defaced-anyway}}
}

http://it.slashdot.org/story/14/01/29/1712201/rovio-denies-knowledge-of-nsa-access-angry-birds-website-defaced-anyway

@MISC{Gartner:Android,
  author = {{Gartner, Inc.}},
  title = {Gartner Says Annual Smartphone Sales Surpassed Sales of Feature Phones for the First Time in 2013},
  howpublished = {Press Release},
  month = {February},
  year = {2014},
  note = {\url{http://www.gartner.com/newsroom/id/2665715}}
}

@inproceedings{Aurasium,
 author = {Xu, Rubin and Sa\"{\i}di, Hassen and Anderson, Ross},
 title = {Aurasium: Practical Policy Enforcement for Android Applications},
 booktitle = {Proceedings of the 21st USENIX Conference on Security Symposium},
 series = {Security'12},
 year = {2012},
 location = {Bellevue, WA},
 pages = {27--27},
 numpages = {1},
 url = {http://dl.acm.org/citation.cfm?id=2362793.2362820},
 acmid = {2362820},
 publisher = {USENIX Association},
 address = {Berkeley, CA, USA},
} 


@book{ProAndroid4:Apress,
 author = {Komatineni, Satya and MacLean, Dave}, 
 title = {Pro Android 4},
 year = {2012},
 publisher = {Apress},
} 

@book{AndroidNDK:Apress,
 author = {Cinar, Onur},
 title = {Pro C++ with the NDK},
 year = {2012},
 publisher = {Apress},
} 

@book{AndroidNDK:Packt,
 author = {Ratabouil, Sylvain},
 title = {Android NDK Beginner's Guide},
 year = {2012},
 publisher = {Packt Publishing},
} 

@book{Stevens:APUE,
 author = {Stevens, Richard W. and Rago, Stephen A.},
 title = {Advanced Programming in the UNIX(R) Environment (3Nd Edition)},
 year = {2013},
 publisher = {Addison-Wesley Professional},
} 

@TechReport{IPSockets:Beej,
  author = {Hall, Brian},
  title = {Beej's Guide to Network Programming: Using Internet Sockets},
  year = {2012}
}

@misc{Logger:eLinux,
author = {{eLinux webpage}},
title = {Android Logging System},
year = {2012},
howpublished = {\url{http://elinux.org/Android_Logging_System}},
}

@misc{SELinux:Android,
author = {{Android webpage}},
title = {Validating Security-Enhanced Linux in Android},
year = {2013},
howpublished = {\url{http://source.android.com/devices/tech/security/se-linux.html}},
}

@TechReport{SEAndroid,
  author = {Smalley, Stephen and Craig, Robert},
  title = {Security Enhanced (SE) Android: Bringing Flexible MAC to Android},
  year = {2013},
  institution = {Trusted Systems Research - National Security Agency}
}

@misc{AndroidSecurityUnderpinnings,
author = {{Marko Gargenta}},
title = {Android Security Underpinnings},
year = {2013},
howpublished = {\url{https://thenewcircle.com/s/post/1518/Android_Security_Underpinnings.htm}},
}

@book{AndroidSecurity:AttackAndDefense,
  author = {Dubey, Abhishek and Misra, Anmol},
  title = {Android Security: Attack and Defense},
  publisher = {CRC Press},
  year = {2013}
}

@TechReport{Report:TuxGuardian,
  author = {Bruno Castro da Silva and Raul Fernando Weber },
  title = {TuxGuardian: Um firewall de host voltado para o usuário final},
  year = {2006},
  institution = {Instituto de Informática - Universidade Federal do Rio Grande do Sul}
}

@misc{Page:TuxGuardian,
author = {da Silva, Bruno Castro},
title = {TuxGuardian webpage},
year = {2006},
howpublished = {\url{http://tuxguardian.sourceforge.net/}},
}


@misc{Page:LittleSnitch,
author = {{Objective Development Software GmbH}},
title = {Little Snitch},
year = {2013},
howpublished = {\url{http://www.obdev.at/products/littlesnitch/index.html}},
}

@misc{Intents:Android,
author = {{Android webpage}},
title = {Intents and Intent Filters},
year = {2013},
howpublished = {\url{http://developer.android.com/guide/components/intents-filters.html}},
}

@misc{Providers:Android,
author = {{Android webpage}},
title = {Content Providers},
year = {2013},
howpublished = {\url{http://developer.android.com/guide/topics/providers/content-providers.html}},
}

@misc{Service:Android,
author = {{Android webpage}},
title = {Services},
year = {2013},
howpublished = {\url{http://developer.android.com/guide/components/services.html}},
}

@misc{Activity:Android,
author = {{Android webpage}},
title = {Activities},
year = {2013},
howpublished = {\url{http://developer.android.com/guide/components/activities.html}},
}

@misc{SecurityOverview:Android,
author = {{Android webpage}},
title = {Android Security Overview},
year = {2013},
howpublished = {\url{http://source.android.com/devices/tech/security},
}

@misc{ManifestPermissions:Android,
author = {{Android webpage}},
title = {Manifest permissions},
year = {2013},
howpublished = {\url{http://developer.android.com/reference/android/Manifest.permission.htm},
}

@misc{AndroidSigning:Android,
author = {{Android webpage}},
title = {Signing Your Applications},
year = {2013},
howpublished = {\url{http://developer.android.com/tools/publishing/app-signing.html}},
}

@book{ApplicationSecurity:Oreilly,
  author = {Six, Jeff},
  title = {Application Security for the Android Platform},
  publisher = {O'Reilly Media, Inc.},
  year = {2011}
}

@misc{AlarmTimer,
author = {Stultz, John},
title = {Waking systems from suspend},
year = {2011},
howpublished = {\url{https://lwn.net/Articles/429925}},
}

@InProceedings{Binder2013,
 author = {Gargenta, Aleksandar},
 title = {Deep Dive into Android IPC/Binder Framework},
 year = {2013},
 publisher = {Android Builders Summit}
}

@book{ComputerSecurity,
  author = {Gollmann, Dieter},
  title = {Computer Security},
  publisher = {Wiley},
  year = {2011}
}

@InProceedings{VBAndroidPracticalSecurity,
  author = {Adrian Ludwig and Eric Davis and Jon Larimer},
  title = {Android: Practical Security From the Ground Up},
  year = 2013,
  publisher={Presented at Virus Bulletin Conference 2013}
  url = {https://www.virusbtn.com/conference/vb2013/abstracts/LM4-LudwigDavisLarimer},
  urldate = {2013-11-11}
}


@manual{Documentation:LittleSnitch,
  author = {{Objective Development Software GmbH}},
  title = {Little Snitch 3 Documentation},
  year= {2013},
}


@mastersthesis{AndroidBinder,
  author = {Schreiber, Thorsten},
  title = {Android Binder: Android Interprocess Communication},
  school = {Ruhr University Bochum},
  year = {2011}
}

@book{EmbeddedAndroid,
  author = {Yaghmour, Karim},
  title = {Embedded Android: Porting, Extending, and Customizing},
  publisher = {O'Reilly Media, Inc.},
  year = {2013}
}

% Seminar on Network Security, BiBTeX template 
% Example entries 
@book{McCarty05 ,
  author    = {McCarty, Bill.},
  title     = {Selinux : NSA's open source security enhanced Linux},
  address   = {Boston, MA, USA},
  publisher = {O'Reilly Media, Inc.},
  year      = {2005.},
  annote    = {Keywords: Computer networks - security measures},
  bibdate   = {20081215122448}
}

@book{DW05,
  author    = {Matthias Kalle Dalheimer and Matt Welsh},
  title     = {{Running Linux}},
  address   = {Boston, MA, USA},
  publisher = {O'Reilly Media, Inc.},
  edition   = {$5^{th}$},
  year      = {2005},
  isbn      = "0596007604"
  url       = {http://proquest.safaribooksonline.com/0596007604},
  bibdate   = {20081215123054}
}

@book{MMC06,
  author    = {Frank Mayer and Karl Macmillan and David Caplan},
  title     = {{SELinux by example : Using Security Enhanced Linux}},
  isbn      = {0-13-196369-4},
  address   = {Upper Saddle River, NJ, USA},
  publisher = {Prentice-Hall Inc},
  year      = {2006},
  isbn      = "0131963694"
  url       = {http://www.loc.gov/catdir/toc/ecip0612/2006012657.html},
  bibdate   = {20081215124027}
}

@InProceedings{SS75,
  author = {Jerome H. Saltzer and Michael D. Schroeder},
  title = {{The protection of information in computer systems}},
  booktitle = {Proceedings of the IEEE},
  pages = {1278-1308},
  volume = {63},
  number = {9},
  issn = {0018-9219},
  month = {September},
  year = {1975}
}

@InProceedings{LSMTTF98,
  author = {Peter A. Loscocco and Stephen D. Smalley and Patrick A. Muckelbauer
            and Ruth C. Taylor and S. Jeff Turner and John F. Farrell},
  title = {{The Inevitability of Failure: The Flawed Assumption of Security in Modern Computing Environments}},
  booktitle = {Proceedings of the $21^{st}$ National Information Systems Security Conference},
  pages = {303-314},
  year = {1998},
  month = {October}
}

@InProceedings{SSLHAL99,
  author = {Ray Spencer and Stephen Smalley and Peter Loscocco and
            and Mike Hibler and Dave Andersen and Jay Lepreau},
  title = {{The Flask Security Architecture: System Support for Diverse Security Policies}},
  booktitle = {Proceedings of the $8^{th}$ USENIX Security Symposium},
  pages = {123-139},
  year = {1999},
  month = {August}
}

@InProceedings{LS01,
  author = {Peter Loscocco and Stephen Smalley},
  title = {{Meeting Critical Security Objectives with Security-Enhanced Linux}},
  booktitle = {Proceedings of the 2001 Ottawa Linux Symposium},
  year = {2001},
  month = {July}
}

@InProceedings{LS01-2,
  author = {Peter Loscocco and Stephen Smalley},
  title = {{Integrating Flexible Support for Security Policies into the Linux Operating System}},
  booktitle = {Proceedings of the FREENIX Track: 2001 USENIX Annual Technical Conference (FREENIX '01)},
  year = {2001},
  month = {June}
}

@InProceedings{WCSMK02,
  author = {Chris Wright and Crispin Cowan and James Morris and Stephen Smalley and Greg Kroah-Hartman},
  title = {{Linux Security Modules: General Security Support for the Linux Kernel}},
  booktitle = {Proceedings of the $11^{th}$ USENIX Security Symposium},
  year = {2002},
  month = {August}
}
@InProceedings{PMM2006,
  author = {Christopher J. PeBenito, Frank Mayer, Karl MacMillan},
  title = {{Reference Policy for Security Enhanced Linux}},
  booktitle = {Proceedings of the 2006 Security Enhanced Linux Symposium},
  year = {2006},
  month = {March}
}

@InProceedings{MLCJ09,
  author = {Ziqing Mao and Ninghui Li and Hong Chen and Xuxian Jiang},
  title = {{Trojan horse resistant discretionary access control}},
  booktitle = {Proceedings of the 15th Symposium on Access Control Models and Technologies (SACMAT)},
  year = {2009}
}

@Techreport{BL75,
  author = {David E. Bell and Leonard J. LaPadula},
  title = {{Secure Computer System Unified Exposition and Multics Interpretation}},
  institution = {{MITRE} Corp.},
  year = {1975},
  number = {MTR-2997},
  address = {Bedford, MA},
  month = {July},
  annote = {Bell La Padula Model: Multics},
} 

@TechReport{PCCIP97,
  author = {{President's Commission On Critical Infrastructure Protection}},
  title = {Research and Development Recommendations for Protecting and Assuring Critical National Infrastructures},
  year = {1997},
  month = {September},
  url = {http://www.dtic.mil/cgi-bin/GetTRDoc?AD=ADA391667&Location=U2&doc=GetTRDoc.pdf}
}

@Article{HHD02,
  author = {Allen Householder and Kevin Houle and Chad Dougherty},
  title = {{Computer Attack Trends Challenge Internet Security (Supplement to Computer Magazine)}},
  journal ={Computer},
  volume = {35},
  number = {4},
  issn = {0018-9162},
  year = {2002},
  pages = {5-7},
  doi = {http://doi.ieeecomputersociety.org/10.1109/MC.2002.10028},
  publisher = {IEEE Computer Society},
  address = {Los Alamitos, CA, USA},
}

@Manual{NSCC87,
  author = {{National Computer Security Center}},
  title = {{Discretionary Access Control in Trusted Systems}},
  year = {1987},
  month = {September},
  note = {NCSC-TG-003},
  address ={Fort George G. Meade, MD, USA}
}

@Misc{SELinux,
  author = {the U.S. National Security Agency},
  title = {{Security Enhanced Linux}},
  note = {\\ 
available at: <\url{http://www.nsa.gov/research/selinux/}>}
}

@Misc{SELinuxRefPol,
  author = {{Tresys Technology}},
  title = {{SELinux Reference Policy}},
  note = {\\ 
available at: <\url{http://oss.tresys.com/projects/refpolicy/}>}
}

@Online{Wiki:Capabilities,
author = {Wikipedia},
title = {Capability-based security},
month={September},
year = {2013},
url = {http://en.wikipedia.org/wiki/Capability-based_security}
}
