@book{KeR88
  , author    =	{B.W. Kernighan and D.M. Ritchie}
  , title     =	{The C Programming Language (ANSI C)}
  , edition   =	{2nd}
  , publisher =	{Prentice Hall Software series}
  , year      =	{1988}
  , keywords  = {Programming, Imperative}
}
@book{BW88
  , noAUTHOR = "Richard Bird and Philip Wadler"
  , author    = "R. Bird and P. Wadler"
  , TITLE = "Introduction to Functional Programming"
  , publisher = "Prentice-Hall"
  , YEAR = "1988"
  , keywords  = {Programming, Functional}
}
@book{GRM97
  , title     = {The LaTeX Graphics Companion}
  , author    = {Michel Goossens and Sebastian Rahtz and Frank Mittelbach}
  , publisher = {Addison-Wesley}
  , year      = {1997}
  , note      = {ISBN 0-201-85469-4}
  , keywords  = {LaTeX, Programming, Graphics}
}
@book{Fl99
  , title     =   {Java in a Nutshell}
  , author=   {D. Flanagan}
  , publisher =   {O'Reilly \& Associates}
  , edition=  {3rd}
  , year  =   {1999}
  , keywords  = {Java, Programming, OO}
}
@book{La86
  , KEY = "La86"
  , AUTHOR = "L. Lamport"
  , TITLE = "\LaTeX\ --- A Document Preparation System"
  , PUBLISHER = "Addison-Wesley Publishing Company"
  , EDITION = "\nth5"
  , YEAR = "1986"
  , keywords  = {LaTeX}
}
